@misc{Inferences,
    title = {Nurikabe techniques},
    author = {Conceptis Puzzles},
    link = {https://www.conceptispuzzles.com/index.aspx?uri=puzzle/nurikabe/techniques}
}

@mastersthesis{Groenen,
    author = {Johan Groenen},
    title = {Nurikabe},
    school = {Leiden University},
    type = {bachelor thesis},
    year = {2008},
    month = {September}
}

@misc{Young,
    title = {Nurikabe Genetic Algorithm},
    author = {Spencer Young},
    link = {http://www.spenceryoungcs.com/nurikabeGA.html}
}

@inproceedings{Amos,
	author		= {Martyn Amos, Matthew Crossley, Huw Lloyd},
	title		= {Solving nurikabe with ant colony optimization},
	booktitle	= {Proceedings of the Genetic and Evolutionary Computation Conference},
	pages		= {129-130},
	address	= {Prague, Czech Republic},
	publisher	= {ACM},
	year		= {2019},
	month		= {July}
}

@article{Bass,
    author    = {Paul Bass, Aise Zulal Sevkli},
    title     = {A Scattered Neighborly Approach to Solving Nurikabe},
    journal   = {Journal of Computing Sciences in Colleges},
    volume   = {36},
    number   = {4},
    pages    = {59-70},
    year      = {2020},
    month    = {October}
}

@misc{Lavavej,
    title = {Nurikabe Puzzle Solver},
    author = {Stephan T. Lavavej},
    link = {https://github.com/Microsoft/nurikabe}
}

@misc{Malorn,
    title = {Nurikabe Maker},
    author = {Github user Malorn44},
    link = {https://github.com/Malorn44/NurikabeMaker},
    year = {2019}
}

@misc{huttar,
    author = {Lars},
    title = {Nurikabe: Generating and Auto-solving},
    link = {https://www.huttar.net/lars-kathy/puzzles/nurikabe.html},
    year = {2007}
}